<?xml version="1.0" encoding="UTF-8"?><collection xmlns="http://www.loc.gov/MARC21/slim"><record><leader>00417nam--2200157-i-4500</leader><controlfield tag="001">000006949</controlfield><controlfield tag="002">20161230</controlfield><controlfield tag="005">20170221160656</controlfield><controlfield tag="008">060222s1000------------r-----000-0-eng-d</controlfield><datafield ind1=" " ind2=" " tag="100"><subfield code="a">Baker, P. S</subfield></datafield><datafield ind1=" " ind2=" " tag="245"><subfield code="a">Recovery of irradiated uranium by a twostage differential extraction procedure</subfield></datafield><datafield ind1=" " ind2=" " tag="260"><subfield code="a">F.Loc</subfield><subfield code="b">F.Data</subfield><subfield code="c">F.An</subfield></datafield><datafield ind1=" " ind2=" " tag="300"><subfield code="a">31 p</subfield></datafield><datafield ind1=" " ind2=" " tag="700"><subfield code="a">Posey, J. C</subfield></datafield><datafield ind1=" " ind2=" " tag="852"><subfield code="a">669.2</subfield></datafield><datafield ind1=" " ind2=" " tag="CAT"><subfield code="a">SYS</subfield><subfield code="c">20170221</subfield><subfield code="h">160656</subfield></datafield></record></collection>